% bmc_article.bib
% 
%  An example of bibtex entries.
%  Entries taken from BMC instructions for authors page.

% uncomment next line to make author-year bibliography
% @settings{label, options="nameyear"}

   

% Article within a journal
@article{koon,
    author  = {Koonin, E V and Altschul, S F and P Bork}, 
    title   = {BRCA1 protein products: functional motifs}, 
    journal = {Nat. Genet.}, 
    year    = {1996},
    volume  = {13}, 
    pages   = {266-267}
}    

%%%%%%%%
% Article within conference proceedings
@inproceedings{xjon,
    author    = {X Jones}, 
    title     = {Zeolites and synthetic mechanisms},
    booktitle = {Proceedings of the First National Conference on 
                Porous Sieves: 27-30 June 1996; Baltimore},
    year      = {1996},
    editor    = {Y Smith}, 
    pages     = {16-27},
}    

%%%%%%%%
%  Book chapter, or article within a book
@incollection{schn,
    author    = {E Schnepf}, 
    title     = {From prey via endosymbiont to plastids: 
             comparative studies in dinoflagellates},
    booktitle = {Origins of Plastids}, 
    editor    = {R A Lewin}, 
    publisher = {Chapman and Hall},
    pages     = {53-76}, 
    year      = {1993},
    address = {New York}, 
    edition = {2nd} 
}    

%%%%%%%%
% Complete book
@book{marg,
    author    = {L Margulis}, 
    title     = {Origin of Eukaryotic Cells},
    publisher = {Yale University Press}, 
    year      = {1970},
    address   = {New Haven} 
}


%%%%%%%%
% PHD Thesis
@phdthesis{koha,
    author = {R Kohavi}, 
    title  = {Wrappers for performance enhancement and
             obvious decision graphs},
    school = {Stanford University, Computer Science Department},
    year   = {1995}
}

%%%%%%%%
%  Miscellaneous: webpage link/urL, etc/
@misc{issnic,
    author  = {{Bayer AG}},
    title = {Trombosis Arterial},
    url = {https://www.thrombosisadviser.com/es/professionals/base-de-conocimientos/fundamentos/trombosis-arterial},
    year = {2022},
    urldate={Accessed 18 Oct 2022}
}

@misc{issnic,
    author  = {{MSD Manuals}},
    title = {Aterosclerosis},
    url = {https://www.msdmanuals.com/es-es/professional/trastornos-cardiovasculares/arteriosclerosis/aterosclerosis#:~:text=La%20placa%20ateroscler%C3%B3tica%20es%20la,organizaci%C3%B3n%20y%20dep%C3%B3sitos%20de%20calcio},
    year = {2022},
    urldate={Accessed 18 Oct 2022}
}

@misc{issnic,
    author  = {{Mayo Clinic}},
    title = {Aterosclerosis},
    url = {https://www.mayoclinic.org/es-es/diseases-conditions/arteriosclerosis-atherosclerosis/symptoms-causes/syc-20350569#:~:text=La%20ateroesclerosis%20es%20la%20acumulaci%C3%B3n,formar%20un%20co%C3%A1gulo%20de%20sangre.},
    year = {2022},
    urldate={Accessed 18 Oct 2022}
}

@misc{issnic,
    author  = {{Wikipedia}},
    title = {Triada de Virchow},
    url = {https://es.wikipedia.org/wiki/Tr%C3%ADada_de_Virchow},
    year = {2022},
    urldate={Accessed 18 Oct 2022}
}

@misc{issnic,
    author  = {{String}},
    title = {25 human gene},
    url = {https://string-db.org/cgi/network?taskId=bjMS6shQQE1T&sessionId=bY8Q8qM3soki},
    year = {2022},
    urldate={Accessed 18 Oct 2022}
}

@misc{issnic,
    author  = {{HPO}},
    title = {Arterial Thrombosis},
    url = {https://hpo.jax.org/app/browse/term/HP:0004420},
    year = {2022},
    urldate={Accessed 18 Oct 2022}
}

@misc{issnic,
    author  = {{NCBI}},
    title = {STAT4},
    url = {https://www.ncbi.nlm.nih.gov/gene/6775},
    year = {2022},
    urldate={Accessed 18 Oct 2022}
}

@misc{issnic,
    author  = {{UNIPROT}},
    title = {P22301},
    url = {https://www.uniprot.org/uniprotkb/P22301/entry},
    year = {2022},
    urldate={Accessed 18 Oct 2022}
}

@misc{issnic,
    author  = {{HPO}},
    title = {IL10},
    url = {https://hpo.jax.org/app/browse/gene/3586},
    year = {2022},
    urldate={Accessed 18 Oct 2022}
}

@misc{issnic,
    author  = {{ORPHA}},
    title = {TROMBOCITOSIS FAMILIAR},
    url = {https://www.orpha.net/consor/cgi-bin/OC_Exp.php?lng=ES&Expert=71493},
    year = {2022},
    urldate={Accessed 18 Oct 2022}
}

@misc{issnic,
    author  = {{ORPHA}},
    title = {Enfermedad de Beh√ßet},
    url = {https://www.orpha.net/consor/cgi-bin/OC_Exp.php?lng=es&Expert=117},
    year = {2022},
    urldate={Accessed 18 Oct 2022}
}
@misc{issnic,
    author  = {{ORPHA}},
    title = {POLICITEMIA VERA},
    url = {https://www.orpha.net/consor/cgi-bin/OC_Exp.php?lng=ES&Expert=729},
    year = {2022},
    urldate={Accessed 18 Oct 2022}
}
@misc{issnic,
    author  = {{ORPHA}},
    title = {TROMBOCITEMIA ESENCIAL},
    url = {https://www.orpha.net/consor/cgi-bin/OC_Exp.php?lng=ES&Expert=3599},
    year = {2022},
    urldate={Accessed 18 Oct 2022}
}
